@article{Jern,
	doi = {10.1016/j.cognition.2017.06.017},
	url = {https://doi.org/10.1016%2Fj.cognition.2017.06.017},
	year = 2017,
	month = {nov},
	publisher = {Elsevier {BV}},
	volume = {168},
	pages = {46--64},
	author = {Alan Jern and Christopher G. Lucas and Charles Kemp},
	title = {People learn other people's preferences through inverse decision-making},
	journal = {Cognition}
}