@article{Tenenbaum,
  title   = {Generalization, similarity,  and bayesian inference},
  author  = { Joshua B. Tenenbaum and Thomas L. Griffiths },
  journal = {Behavioral and Brain Sciences},
  doi     = {10.1017/s0140525x01000061},
  volume  = {24},
  issue   = {4},
  pages   = {629-640},
  url     = {https://doi.org/10.1017/s0140525x01000061},
  year    = {2002},
  month   = {aug}
}